@article{scikit-learn,
 title={Scikit-learn: Machine Learning in {P}ython},
 author={Pedregosa, F. and Varoquaux, G. and Gramfort, A. and Michel, V.
         and Thirion, B. and Grisel, O. and Blondel, M. and Prettenhofer, P.
         and Weiss, R. and Dubourg, V. and Vanderplas, J. and Passos, A. and
         Cournapeau, D. and Brucher, M. and Perrot, M. and Duchesnay, E.},
 journal={Journal of Machine Learning Research},
 volume={12},
 pages={2825--2830},
 year={2011}
}

@INPROCEEDINGS{Loper02nltk:the,
    author = {Edward Loper and Steven Bird},
    title = {NLTK: The Natural Language Toolkit},
    booktitle = {In Proceedings of the ACL Workshop on Effective Tools and Methodologies for Teaching Natural Language Processing and Computational Linguistics. Philadelphia: Association for Computational Linguistics},
    year = {2002}
}

@misc{wiki:Microsoft_Windows,
   author = "Wikipedia",
   title = "{Microsoft Windows} --- {W}ikipedia{,} The Free Encyclopedia",
   year = "2018",
   howpublished = {\url{http://en.wikipedia.org/w/index.php?title=Microsoft\%20Windows&oldid=822608944}},
   note = "[Online; accessed 28-January-2018]"
 }
 
 @misc{wiki:Linux,
   author = "Wikipedia",
   title = "{Linux} --- {W}ikipedia{,} The Free Encyclopedia",
   year = "2018",
   howpublished = {\url{http://en.wikipedia.org/w/index.php?title=Linux&oldid=822693158}},
   note = "[Online; accessed 28-January-2018]"
 }
 
 @misc{wiki:MacOS,
   author = "Wikipedia",
   title = "{MacOS} --- {W}ikipedia{,} The Free Encyclopedia",
   year = "2018",
   howpublished = {\url{http://en.wikipedia.org/w/index.php?title=MacOS&oldid=821801403}},
   note = "[Online; accessed 28-January-2018]"
 }
 
 @misc{wiki:Free_and_open-source_software,
   author = "Wikipedia",
   title = "{Free and open-source software} --- {W}ikipedia{,} The Free Encyclopedia",
   year = "2018",
   howpublished = {\url{http://en.wikipedia.org/w/index.php?title=Free\%20and\%20open-source\%20software&oldid=822759213}},
   note = "[Online; accessed 28-January-2018]"
 }
 
 @misc{wiki:Visual_Studio_Code,
   author = "Wikipedia",
   title = "{Visual Studio Code} --- {W}ikipedia{,} The Free Encyclopedia",
   year = "2018",
   howpublished = {\url{http://en.wikipedia.org/w/index.php?title=Visual\%20Studio\%20Code&oldid=822105607}},
   note = "[Online; accessed 28-January-2018]"
 }
 
@book{9783319141411,
  Author = {Charu C. Aggarwal},
  Title = {Data Mining: The Textbook},
  Publisher = {Springer},
  Year = {2015},
  ISBN = {3319141414},
  URL = {https://www.amazon.com/Data-Mining-Textbook-Charu-Aggarwal/dp/3319141414?SubscriptionId=0JYN1NVW651KCA56C102&tag=techkie-20&linkCode=xm2&camp=2025&creative=165953&creativeASIN=3319141414}
}

@misc{wiki:Date_format_by_country,
   author = "Wikipedia",
   title = "{Date format by country} --- {W}ikipedia{,} The Free Encyclopedia",
   year = "2018",
   howpublished = {\url{http://en.wikipedia.org/w/index.php?title=Date\%20format\%20by\%20country&oldid=822208205}},
   note = "[Online; accessed 01-February-2018]"
 }
 
@misc {skrotyMiesiecy,
    author = "Rada Języka Polskiego",
    title  = "Skróty nazw miesięcy",
    year   = "2005",
    howpublished = {\url{http://www.rjp.pan.pl/index.php?option=com_content\&view=article\&id=978:skroty-nazw-miesicy\&catid=44\&Itemid=145}},
    note = "[Online; accessed 01-February-2018]"
}

@misc {normalizeText,
    author = "Jason Brownlee",
    title  = "How to Clean Text for Machine Learning with Python",
    year   = "2017",
    howpublished = {\url{https://machinelearningmastery.com/clean-text-machine-learning-python/ }},
    note = "[Online; accessed 01-February-2018]"
}

@misc {tfidf,
    author = "Jana Vembunarayanan",
    title  = "Tf-Idf and Cosine similarity",
    year   = "2013",
    howpublished = {\url{https://janav.wordpress.com/2013/10/27/tf-idf-and-cosine-similarity/ }},
    note = "[Online; accessed 02-February-2018]"
}

@inproceedings{dbscan,
    address = {Institute for Computer Science},
    author = {Martin Ester, Hans-Peter Kriegel, Jörg Sander, Xiaowei Xu},
    pages = {226--231},
    publisher = {University of Munich},
    title = {{A Density-Based Algorithm for Discovering Custers in Large Spatial Databases with Noise}},
    url = {https://www.aaai.org/Papers/KDD/1996/KDD96-037.pdf},
    year = {1996}
}

@inproceedings{macqueen1967,
    address = {Berkeley, Calif.},
    author = {MacQueen, J},
    booktitle = {Proc. Fifth Berkeley Symp. Math. Stat. Probab. Vol. 1 Stat.},
    file = {:home/bluec0re/studium/uni{\_}hd/semester{\_}5/thesis/references/sorted/MacQueen/Proceedings of the Fifth Berkeley Symposium on Mathematical Statistics and Probability, Volume 1 Statistics/MacQueen - 1967 - Some methods for classification and analysis of multivariate observations.pdf:pdf},
    pages = {281--297},
    publisher = {University of California Press},
    title = {{Some methods for classification and analysis of multivariate observations}},
    url = {http://projecteuclid.org/euclid.bsmsp/1200512992},
    year = {1967}
}

@inproceedings{Arthur:2007:KAC:1283383.1283494,
    address = {Philadelphia, PA, USA},
    author = {Arthur, David and Vassilvitskii, Sergei},
    booktitle = {Proc. Eighteenth Annu. ACM-SIAM Symp. Discret. Algorithms},
    file = {:home/bluec0re/studium/uni{\_}hd/semester{\_}5/thesis/references/sorted/Arthur, Vassilvitskii/Proceedings of the Eighteenth Annual ACM-SIAM Symposium on Discrete Algorithms/Arthur, Vassilvitskii - 2007 - K-means The Advantages of Careful Seeding.pdf:pdf},
    isbn = {978-0-898716-24-5},
    pages = {1027--1035},
    publisher = {Society for Industrial and Applied Mathematics},
    series = {SODA '07},
    title = {{K-means++: The Advantages of Careful Seeding}},
    url = {http://dl.acm.org/citation.cfm?id=1283383.1283494},
    year = {2007}
}

@misc {datasetclass,
    author = "Xiang Zhang",
    title  = "TextClassificationDatasets",
    year   = "2015",
    howpublished = {\url{https://drive.google.com/drive/u/0/folders/0Bz8a_Dbh9Qhbfll6bVpmNUtUcFdjYmF2SEpmZUZUcVNiMUw1TWN6RDV3a0JHT3kxLVhVR2M }},
    note = "[Online; accessed 03-February-2018]"
}